@misc{linux,
	title="Linux - Operating System [Электронный ресурс]",
	howpublished="Режим доступа: \url{https://www.linux.org/} (дата обращения: 08.11.2021)"
}

@misc{linux-security-api,
	title="Linux Security Module Usage [Электронный ресурс]",
	howpublished="Режим доступа: \url{https://www.kernel.org/doc/html/v4.16/admin-guide/LSM/index.html} (дата обращения: 08.11.2021)"
}

@misc{callback,
	title="Колбэк-функция -- Глоссарий -- MDN Web Docs [Электронный ресурс]",
	howpublished="Режим доступа: \url{https://developer.mozilla.org/ru/docs/Glossary/Callback_function} (дата обращения: 08.11.2021)"
}

@misc{kernel-tracepoints,
	title="Using the Linux Kernel Tracepoints [Электронный ресурс]",
	howpublished="Режим доступа: \url{https://www.kernel.org/doc/html/latest/trace/tracepoints.html} (дата обращения: 08.11.2021)"
}

@misc{habr-profiling-linux,
	title="Механизмы профилирования Linux -- Habr [Электронный ресурс]",
	howpublished="Режим доступа: \url{https://habr.com/ru/company/metrotek/blog/261003/} (дата обращения: 08.11.2021)"
}

@misc{ftrace,
	title="Using ftrace | Android Open Source Project [Электронный ресурс]",
	howpublished="Режим доступа: \url{https://source.android.com/devices/tech/debug/ftrace} (дата обращения: 08.11.2021)"
}

@misc{ftrace-habr,
	title="Трассировка ядра с ftrace -- Habr [Электронный ресурс]",
	howpublished="Режим доступа: \url{https://habr.com/ru/company/selectel/blog/280322/} (дата обращения: 08.11.2021)"
}

@misc{nop,
	title="NOP: No Operation (x86 Instruction Set Reference) [Электронный ресурс]",
	howpublished="Режим доступа: \url{https://c9x.me/x86/html/file_module_x86_id_217.html} (дата обращения: 08.11.2021)"
}

@misc{kprobes,
	title="Kernel Probes (Kprobes) [Электронный ресурс]",
	howpublished="Режим доступа: \url{https://www.kernel.org/doc/html/latest/trace/kprobes.html} (дата обращения: 08.11.2021)"
}

@misc{task-struct,
	title="include/linux/sched.h - Linux source code (v5.15.3) [Электронный ресурс]",
	howpublished="Режим доступа: \url{https://elixir.bootlin.com/linux/latest/source/include/linux/sched.h} (дата обращения: 08.11.2021)"
}

@misc{sysinfo,
	title="include/uapi/linux/sysinfo.h - Linux source code (v5.15.3) [Электронный ресурс]",
	howpublished="Режим доступа: \url{https://elixir.bootlin.com/linux/latest/source/include/uapi/linux/sysinfo.h#L8} (дата обращения: 08.11.2021)"
}

@misc{proc-ops,
	title="include/linux/proc\_fs.h - Linux source code (v5.15.3) [Электронный ресурс]",
	howpublished="Режим доступа: \url{https://elixir.bootlin.com/linux/latest/source/include/linux/proc\_fs.h#L29} (дата обращения: 08.11.2021)"
}

@misc{c-language,
	title="C99 standard note [Электронный ресурс]",
	howpublished="Режим доступа: \url{http://www.open-std.org/jtc1/sc22/wg14/www/docs/n1256.pdf} (дата обращения: 10.11.2021)"
}

@misc{gcc,
	title="GCC, the GNU Compiler Collection [Электронный ресурс]",
	howpublished="Режим доступа: \url{https://gcc.gnu.org/} (дата обращения: 10.11.2021)"
}

@misc{kallsyms-removed,
	title="Unexporting kallsyms\_lookup\_name() [Электронный ресурс]",
	howpublished="Режим доступа: \url{https://lwn.net/Articles/813350/} (дата обращения: 10.11.2021)"
}

@misc{preproc,
	title="Директивы препроцессора C [Электронный ресурс]",
	howpublished="Режим доступа: \url{https://docs.microsoft.com/ru-ru/dotnet/csharp/language-reference/preprocessor-directives} (дата обращения: 10.11.2021)"
}


